
@article{DBLP:journals/jar/LiffitonS08,
  author    = {Mark H. Liffiton and
               Karem A. Sakallah},
  title     = {Algorithms for Computing Minimal Unsatisfiable Subsets of
               Constraints},
  journal   = {J. Autom. Reasoning},
  volume    = {40},
  number    = {1},
  year      = {2008},
  pages     = {1-33},
  ee        = {http://dx.doi.org/10.1007/s10817-007-9084-z},
  bibsource = {DBLP, http://dblp.uni-trier.de}
}
